<?xml version="1.0" encoding="UTF-8"?><record xmlns="http://www.loc.gov/MARC21/slim" xmlns:cinclude="http://apache.org/cocoon/include/1.0" xmlns:zs="http://www.loc.gov/zing/srw/">
  <leader>01792cz  a2200397n  4500</leader>
  <controlfield tag="001">n  82133460 </controlfield>
  <controlfield tag="003">DLC</controlfield>
  <controlfield tag="005">20100516074835.0</controlfield>
  <controlfield tag="008">820929n| acannaabn          |a ana      </controlfield>
  <datafield tag="010" ind1=" " ind2=" ">
    <subfield code="a">n  82133460 </subfield>
    <subfield code="z">n  87943554 </subfield>
  </datafield>
  <datafield tag="034" ind1=" " ind2=" ">
    <subfield code="d">E0845500</subfield>
    <subfield code="e">E0845500</subfield>
    <subfield code="f">N0453000</subfield>
    <subfield code="g">N0453000</subfield>
    <subfield code="2">geonames</subfield>
  </datafield>
  <datafield tag="035" ind1=" " ind2=" ">
    <subfield code="a">(OCoLC)oca00829704</subfield>
  </datafield>
  <datafield tag="040" ind1=" " ind2=" ">
    <subfield code="a">DLC</subfield>
    <subfield code="b">eng</subfield>
    <subfield code="c">DLC</subfield>
    <subfield code="d">DLC</subfield>
    <subfield code="d">DLC-R</subfield>
    <subfield code="d">DLC-R</subfield>
    <subfield code="d">DLC</subfield>
    <subfield code="d">OCoLC</subfield>
  </datafield>
  <datafield tag="043" ind1=" " ind2=" ">
    <subfield code="a">a-cc-su</subfield>
  </datafield>
  <datafield tag="151" ind1=" " ind2=" ">
    <subfield code="a">Karamay Shi (China)</subfield>
  </datafield>
  <datafield tag="451" ind1=" " ind2=" ">
    <subfield code="a">Kʻo-la-ma-i shih (China)</subfield>
  </datafield>
  <datafield tag="451" ind1=" " ind2=" ">
    <subfield code="a">Kelamayi Shi (China)</subfield>
  </datafield>
  <datafield tag="451" ind1=" " ind2=" ">
    <subfield code="a">Karamay (China)</subfield>
  </datafield>
  <datafield tag="451" ind1=" " ind2=" ">
    <subfield code="a">Kelamayi (China)</subfield>
  </datafield>
  <datafield tag="451" ind1=" " ind2=" ">
    <subfield code="w">nne</subfield>
    <subfield code="a">Karamai (China)</subfield>
  </datafield>
  <datafield tag="451" ind1=" " ind2=" ">
    <subfield code="a">Hei-yu-shan (China)</subfield>
  </datafield>
  <datafield tag="451" ind1=" " ind2=" ">
    <subfield code="a">Kʻo-la-ma-i (China)</subfield>
  </datafield>
  <datafield tag="451" ind1=" " ind2=" ">
    <subfield code="a">Kʻo-na-ma-i (China)</subfield>
  </datafield>
  <datafield tag="451" ind1=" " ind2=" ">
    <subfield code="a">Kramaj (China)</subfield>
  </datafield>
  <datafield tag="451" ind1=" " ind2=" ">
    <subfield code="a">Hsin-chiang Kʻo-la-ma-i shih (China)</subfield>
  </datafield>
  <datafield tag="451" ind1=" " ind2=" ">
    <subfield code="a">Xinjiang Kelamayi Shi (China)</subfield>
  </datafield>
  <datafield tag="451" ind1=" " ind2=" ">
    <subfield code="a">Kelamayi Shi ren min zheng fu (China)</subfield>
  </datafield>
  <datafield tag="670" ind1=" " ind2=" ">
    <subfield code="a">Kʻo-la-ma-i, 1980 (subj.)</subfield>
    <subfield code="b">t.p. (Kʻo-la-ma-i)</subfield>
  </datafield>
  <datafield tag="670" ind1=" " ind2=" ">
    <subfield code="a">BGN. Gaz. of conv. names, 1977</subfield>
    <subfield code="b">(Karamai (conv.); Kʻo-la-ma-i (Chinese))</subfield>
  </datafield>
  <datafield tag="670" ind1=" " ind2=" ">
    <subfield code="a">BGN, 7/25/82 (Karamay [brief] Shi, ADMD, 45°30ʹN, 84°55ʹE; variants: Kʻo-la-ma-i [brief] Shih)</subfield>
  </datafield>
  <datafield tag="670" ind1=" " ind2=" ">
    <subfield code="a">GEOnet, May 25, 1999</subfield>
    <subfield code="b">(Karamay Shi--ADM2, 45°30ʹN 84°56ʹE, Xinjiang Uygur Zizhiqu, variant: Kʻo-la-ma-i shih; Karamay--PPL, 45°30ʹN 84°55ʹE, variants: Hei-yu-shan, Karamai, Kʻo-la-ma-i, Kʻo-la-ma-i-shih, Kʻo-na-ma-i, Kramaj)</subfield>
  </datafield>
  <datafield tag="670" ind1=" " ind2=" ">
    <subfield code="a">Kʻo-la-ma-i feng mao, 1984:</subfield>
    <subfield code="b">t.p. (Hsin-chiang Kʻo-la-ma-i shih)</subfield>
  </datafield>
  <datafield tag="670" ind1=" " ind2=" ">
    <subfield code="a">Kelamayi si shi nian, 1998:</subfield>
    <subfield code="b">t.p. (Kelamayi Shi ren min zheng fu)</subfield>
  </datafield>
  <datafield tag="670" ind1=" " ind2=" ">
    <subfield code="a">Ci hai, 1980:</subfield>
    <subfield code="b">p. 128 (Kelamayi: city's name, est. in 1958 as a city)</subfield>
  </datafield>
  <datafield tag="670" ind1=" " ind2=" ">
    <subfield code="a">GeoNames, algorithmically matched, 2009</subfield>
    <subfield code="b">(adm2; 45°30ʹ00ʺN 084°55ʹ00ʺE)</subfield>
  </datafield>
  <datafield tag="781" ind1=" " ind2="0">
    <subfield code="z">China</subfield>
    <subfield code="z">Karamay Shi</subfield>
  </datafield>
</record>